@article{shumway1982approach,
	title={An approach to time series smoothing and forecasting using the EM algorithm},
	author={Shumway, Robert H and Stoffer, David S},
	journal={Journal of time series analysis},
	volume={3},
	number={4},
	pages={253--264},
	year={1982},
	publisher={Wiley Online Library}
}

@article{dempster1977maximum,
	title={Maximum likelihood from incomplete data via the EM algorithm},
	author={Dempster, Arthur P and Laird, Nan M and Rubin, Donald B},
	journal={Journal of the royal statistical society: series B (methodological)},
	volume={39},
	number={1},
	pages={1--22},
	year={1977},
	publisher={Wiley Online Library}
}

@article{kalman1960new,
	title={A new approach to linear filtering and prediction problems},
	author={Kalman, Rudolph Emil},
	year={1960}
}

@book{jazwinski2007stochastic,
	title={Stochastic processes and filtering theory},
	author={Jazwinski, Andrew H},
	year={2007},
	publisher={Courier Corporation}
}